@misc{max30102-datasheet,
  title = {MAX30102 Datasheet},
  medium = {online},
  year = 2018,
  note = {[vid. 2022-06-12]},
  URL = {https://datasheets.maximintegrated.com/en/ds/MAX30102.pdf},
}
@misc{max30102-application-node,
  title = {MAX30102 Application Node - Recommended Configuration and Operating Profiles},
  medium = {online},
  note = {[vid. 2022-06-12]},
  URL = {https://pdfserv.maximintegrated.com/en/an/AN6409.pdf},
}
@misc{max30102-eps-idf-lib,
  title = {ESP-IDF Library for MAX30102},
  medium = {online},
  note = {[vid. 2022-06-12]},
  URL = {https://github.com/JoshDumo/esp32-max30102},
}
@misc{ssd1306-lib,
  title = {ESP-IDF Driver for the SSD1306 OLED display},
  medium = {online},
  note = {[vid. 2022-06-12]},
  URL = {https://github.com/nopnop2002/esp-idf-ssd1306},
}
@misc{setup-esp-as-AP,
  title = {Guide for setting up an ESP32 as an access point},
  medium = {online},
  note = {[vid. 2022-06-12]},
  URL = {https://embeddedexplorer.com/esp32-wifi-access-point/},
}
@misc{http-server-setup,
  title = {Guide for setting up a web server on ESP32},
  medium = {online},
  note = {[vid. 2022-06-12]},
  URL = {https://embeddedexplorer.com/esp32-web-server/},
}

